% This file was created with JabRef 2.6.
% Encoding: Cp1252

@ARTICLE{Example,
  author = {Bergsteinsson, Jon Ingi and Hansen, Hans and Jensen, Jens},
  title = {Example Article},
  journal = {The Journal of Articles},
  year = {2010},
  volume = {4},
  pages = {45--48},
  number = {2},
  month = {December},
  owner = {JIB},
  timestamp = {2010.11.30}
}

@comment{jabref-meta: selector_publisher:}

@comment{jabref-meta: selector_author:}

@comment{jabref-meta: selector_journal:}

@comment{jabref-meta: selector_keywords:}

